@article{dcc:lifecycle,
  author = {Sarah Higgins},
  title = "The {DCC} Curation Lifecycle Model",
  journaltitle = "International Journal of Digital Curation",
  year = {2008},
  volume = {3},
  issue = {1},
  pages = {134-140},
  issn = {1746-8256},
  doi = {10.2218/ijdc.v3i1.48},
  url = {http://ijdc.net/index.php/ijdc/article/view/69}
}

@online{rusbridge:curation,
  author = "Chris Rusbridge",
  title = "Project data life course",
  year = {2008},
  url = {http://digitalcuration.blogspot.com/2008/11/project-data-life-course.html}
}

@inbook{curry:community,
  author = "Edward Curry and Andre Freitas and Sean O'Riain",
  title = "The Role of Community-Driven Data Curation for Enterprises",
  booktitle = "Linking Enterprise Data",
  pages = {25-47},
  publisher = "Springer",
  year = {2010},
  url = {http://3roundstones.com/led_book/led-curry-et-al.html}
}

@article{eckerson:bottomline,
  author = "Wayne W. Eckerson",
  title = "Data Warehousing Special Report: {D}ata quality and the bottom line",
  journaltitle = "Application Development Trends",
  year = {2002},
  month = "May",
  url = {http://adtmag.com/articles/2002/05/01/data-warehousing-special-report-data-quality-and-the-bottom-line_633729392210484545.aspx}
}

@article{russom:case,
  author = "Philip Russom",
  title = "Liability and Leverage - A Case for Data Quality",
  journaltitle = "Information Management",
  year = {2006},
  month = "August",
  url = {http://www.information-management.com/issues/20060801/1060128-1.html}
}

@article{knight:quality,
  author = "Shirleeann Knight and Janice Burn",
  title = "Developing a Framework for Assessing Information Quality on the {W}orld {W}ide {W}eb",
  journaltitle = "Informing Science",
  year = {2005},
  volume = {8},
  pages = {159-172},
  url = {http://inform.nu/Articles/Vol8/v8p159-172Knig.pdf}
}

@article{timmer:faking,
  author = "John Timmer",
  title = "New record for faking data set by Japanese researcher",
  journaltitle = "Ars Technica",
  year = {2012},
  url = {http://arstechnica.com/science/2012/07/new-record-for-faking-data-set-by-japanese-researcher/}
}

@online{uw:datascience,
  author = {{University of Washington Professional and Continuing Education}},
  shortauthor = {UW PCE},
  title = "Winter 2013 | {D}ata Science Certificate",
  year = {2012},
  url = {http://www.pce.uw.edu/certificates/data-science/web-winter-2013/}
}

@proceedings{arl:stewardship,
  editor = {{Association of Research Libraries}},
  shorteditor = {ARL},
  title = "To Stand the Test of Time: {L}ong-Term Stewardship of Digital Data Sets in Science and Engineering",
  year = {2006},
  publisher = "Association of Research Libraries",
  url = {http://www.arl.org/bm~doc/digdatarpt.pdf}
}

@article{goble:curation,
  author = "Carole Goble and Robert Stevens and Duncan Hull and Katy Wolstencroft and Rodrigo Lopez",
  title = "Data curation + process curation=data integration + science",
  journaltitle = "Briefings in Bioinformatics",
  year = {2008},
  month = "July",
  volume = {9},
  issue = {6},
  pages = {506-517},
  url = {http://bib.oxfordjournals.org/content/9/6/506.full}
}

@article{ogburn:imperative,
  author = "Joyce L. Ogburn",
  title = "The Imperative for Data Curation",
  journaltitle = "portal: Libraries and the Academy",
  year = {2010},
  volume = {10},
  issue = {2},
  pages = {241-246},
  url = {http://muse.jhu.edu/journals/pla/summary/v010/10.2.ogburn.html}
}

@online{jisc:deluge,
  author = {{Joint Information Systems Committee}},
  shortauthor = {JISC},
  title = {The Data Deluge},
  month = "November",
  year = {2004},
  url = {http://www.jisc.ac.uk/publications/briefingpapers/2004/pub_datadeluge.aspx}
}

@article{heidorn:libraries,
  author = "P. Bryan Heidorn",
  title = "The Emerging Role of Libraries in Data Curation and E-science",
  journaltitle = "Journal of Library Administration",
  year = {2011},
  month = "October",
  volume = {51},
  issue = {7-8},
  pages = {662-672},
  url = {http://dx.doi.org/10.1080/01930826.2011.601269},
  doi = {10.1080/01930826.2011.601269}
}

@article{williams:lifecycle,
  author = "Peter Williams and Jeremy Leighton John and Ian Rowland",
  title = "The personal curation of digital objects: {A} lifecycle approach",
  journaltitle = "Aslib Proceedings",
  year = {2009},
  volume = {61},
  issue = {4},
  pages = {340-363},
  url = {http://dx.doi.org/10.1108/00012530910973767},
  doi = {10.1108/00012530910973767}
}

@article{adams:galaxyzoo,
  author = "Tim Adams",
  title = "Galaxy {Z}oo and the new dawn of citizen science",
  journaltitle = "The Guardian",
  year = {2012},
  month = "March",
  url = {http://www.guardian.co.uk/science/2012/mar/18/galaxy-zoo-crowdsourcing-citizen-scientists}
}

@article{baker:funding,
  author = "Monya Baker",
  title = "Databases fight funding cuts",
  journaltitle = "Nature",
  year = {2012},
  month = "September",
  volume = {489},
  issue = {7414},
  pages = {19},
  doi = {10.1038/489019a},
  url = {http://www.nature.com/doifinder/10.1038/489019a}
}

@article{merali:peril,
  author = "Zeeya Merali and Jim Giles",
  title = "Databases in peril",
  journaltitle = "Nature",
  year = {2005},
  month = "June",
  volume = {435},
  issue = {7045},
  pages = {1010-1011},
  doi = {10.1038/4351010a},
  url = {http://www.nature.com/doifinder/10.1038/4351010a}
}

@report{dhhs:guidelines,
  type = "{DHHS} Publication",
  institution = "Office of Research Integrity, U.S. Department of Health and Human Services",
  author = {{Clinical Tools, Inc.}},
  title = {Guidelines for Responsible Data Management in Scientific Research},
  url = {http://ori.hhs.gov/education/products/clinicaltools/data.pdf},
  year = {2006}
}

@online{dhhs:tutorial,
  type = "{DHHS} Publication",
  institution = "Office of Research Integrity, U.S. Department of Health and Human Services",
  author = "Stephen Erickson and Karen M.T. Muskavitch",
  title = "Ownership of Data --- Federal Policies",
  year = {2009},
  url = {http://ori.hhs.gov/education/products/rcradmin/topics/data/tutorial_2.shtml}
}

@online{wiki:quality,
  author = "Wikipedia",
  title = "Data quality",
  year = {2012},
  url = {http://en.wikipedia.org/wiki/Data_quality}
}

@online{wiki:semweb,
  author = "Wikipedia",
  title = "Semantic Web Stack",
  year = {2012},
  url = {http://en.wikipedia.org/wiki/Semantic_Web_Stack}
}

@online{wiki:galaxyzoo,
  author = "Wikipedia",
  title = "Galaxy {Z}oo",
  year = {2012},
  url = {http://en.wikipedia.org/wiki/Galaxy_Zoo}
}

@online{wiki:voorwerp,
  author = "Wikipedia",
  title = "Hanny's {V}oorwerp",
  year = {2012},
  url = "http://en.wikipedia.org/wiki/Hanny's_Voorwerp"
}